@article{Skorodumina:2016pnb,
     author         = "Skorodumina,, {\relax Iu.} A. and Burkert, V. D. and Golovach, E.
                       N. and Gothe, R. W. and Isupov, E. L. and Ishkhanov, B. S.
                       and Mokeev, V. I. and Fedotov, G. V.",
     title          = "{Nucleon resonances in exclusive reactions of photo- and
                       electroproduction of mesons}",
     journal        = "Moscow Univ. Phys. Bull.",
     volume         = "70",
     year           = "2015",
     number         = "6",
     pages          = "429-447",
     doi            = "10.3103/S002713491506017X",
     note           = "[Vestn. Mosk. Univ., No. 6, 3 (2015)]",
     SLACcitation   = "%%CITATION = MUPBA,70,429;%%"
}

@article{Schilling:1973ag,
     author         = "Schilling, K. and Wolf, G.",
     title          = "{How to analyze vector meson production in inelastic
                       lepton scattering}",
     journal        = "Nucl. Phys.",
     volume         = "B61",
     year           = "1973",
     pages          = "381-413",
     doi            = "10.1016/0550-3213(73)90371-4",
     reportNumber   = "DESY-73-13",
     SLACcitation   = "%%CITATION = NUPHA,B61,381;%%"
}



@book{Byckling:1971vca,
      author         = "Byckling, Eero and Kajantie, K.",
      title          = "{Particle Kinematics}",
      publisher      = "University of Jyvaskyla",
      address        = "Jyvaskyla, Finland",
      year           = "1971",
      url            = "http://www-spires.fnal.gov/spires/find/books/www?cl=QC794.6.K5B99",
      SLACcitation   = "%%CITATION = INSPIRE-1251349;%%"
}

@article{twopeg,
      author         = "Skorodumina, {\relax Iu} and G. V. Fedotov and others",
      title          = "\href{https://misportal.jlab.org/mis/physics/clas12/viewFile.cfm/2017-001.pdf?documentId=36}{TWOPEG: An Event Generator for Charged Double Pion Electroproduction off Proton}",
      journal   = "CLAS12-NOTE-2017-001",
      ee = {https://misportal.jlab.org/mis/physics/clas12/viewFile.cfm/2017-001.pdf?documentId=36},
      collaboration  = "CLAS",
      year           = "2017, arXiv/1703.08081[physics.data-an]",
}%twopeg

@article{Machleidt:1987hj,
      author         = "Machleidt, R. and Holinde, K. and Elster, C.",
      title          = "{The Bonn Meson Exchange Model for the Nucleon Nucleon
                        Interaction}",
      journal        = "Phys. Rept.",
      Volume         = "149",
      year           = "1987",
      pages          = "1-89",
      doi            = "10.1016/S0370-1573(87)80002-9",
      SLACcitation   = "%%CITATION = PRPLC,149,1;%%"
}%Bonn potential

@article{Fed_an_note:2017,
      author         = "G. V. Fedotov and others",
      title          = "\href{https://misportal.jlab.org/ul/physics/hall-b/clas/viewFile.cfm/2017-101.pdf?documentId=758}{Analysis report on the $ep \rightarrow e'p \pi^{+}\pi^{-}$ reaction in the CLAS detector with a 2.039 GeV}",
      ee = {https://misportal.jlab.org/ul/physics/hall-b/clas/viewFile.cfm/2017-101.pdf?documentId=758},
      journal   = "CLAS-Analysis 2017-101",
      collaboration  = "CLAS",
      year           = "2017",
}%Fed new note

@article{Skorodumina:2015rea,
      author         = "Skorodumina, {\relax Yu}. A. and Golovach, E. N. and
                        Gothe, R. W. and Ishkhanov, B. S. and Isupov, E. L. and
                        Mokeev, V. I. and Fedotov, G. V.",
      title          = "{Investigating of the exclusive reaction of
                        $\pi^{+}\pi^{âˆ’}$ pair electroproduction on a proton
                        bound in a deuteron}",
      booktitle      = "{Proceedings, 64th International Conference "Nuclei 2014:
                        Fundamental Problems and Applications of Nuclear Physics,
                        from Nanotechnology to Space" (64th International Meeting
                        on Nuclear Spectroscopy and the Structure of Atomic
                        Nuclei): Minsk, Belarus, July 1-4, 2014}",
      journal        = "Bull. Russ. Acad. Sci. Phys.",
      volume         = "79",
      year           = "2015",
      number         = "4",
      pages          = "532-536",
      doi            = "10.3103/S1062873815040292",
      note           = "[Izv. Ross. Akad. Nauk Ser. Fiz. 79, No. 4, 575 (2015)]",
      reportNumber   = "JLAB-PHY-15-2061",
      SLACcitation   = "%%CITATION = BUPSA,79,532;%%"
}% my article ia Izv Ran


@article{Skorodum_wiki_page,
      author         = "Skorodumina, {\relax Iu}.",
      title          = "\href{https://clasweb.jlab.org/wiki/index.php/User:Skorodum}{Investigation of Exclusive $\pi^{+}\pi^{-}$ Electroproduction off the Bound Proton in Deuterium in the Resonance Region with CLAS}",
      ee = {https://clasweb.jlab.org/wiki/index.php/User:Skorodum},
      journal   = "wiki page, https://clasweb.jlab.org/wiki/index.php/User:Skorodum",
      collaboration  = "CLAS",
%      year           = "2017",
}%Skorodum wiki page

@article{CLAS_DB,
      title          = "\href{http://clas.sinp.msu.ru/cgi-bin/jlab/db.cgi}{CLAS Physics Database}",
      ee = {http://clas.sinp.msu.ru/cgi-bin/jlab/db.cgi},
      journal   = "http://clas.sinp.msu.ru/cgi-bin/jlab/db.cgi",
      collaboration  = "CLAS",
%      year           = "2017",
}%CLAS Physics database


